@Article{Attalla:et:al:84:SpreadOP,
  author    = {Attalla, Mourad R. and Deierlein, Gregory G. and Mcguire, W.},
  journal   = {Journal of Structural Engineering},
  title     = {Spread of Plasticity: Quasi-Plastic-Hinge Approach},
  year      = {1994},
  month     = {aug},
  number    = {8},
  pages     = {2451--2473},
  volume    = {120},
  doi       = {10.1061/(asce)0733-9445(1994)120:8(2451)},
  publisher = {American Society of Civil Engineers ({ASCE})},
}

@Book{Bathe:96:FEP,
  author    = {Bathe, Klaus-J{\"u}rgen},
  publisher = {Prentice-Hall: Englewood Cliffs, NJ},
  title     = {Finite Element Procedures},
  year      = {1996},
  isbn      = {9780979004957},
  pages     = {1043},
}

@Book{Crisfield:97:Book2,
  author    = {de Borst, Ren√© and Crisfield, Mike A. and Remmers, Joris J. C. and Verhoosel, Clemens V.},
  publisher = {Wiley},
  title     = {Nonlinear finite element analysis of solids and structures},
  year      = {2012},
  isbn      = {9780470666449},
  volume    = {2},
}

@Article{Dafalias:Popov:75:YieldSurface,
  author    = {Dafalias, Y. F. and Popov, E. P.},
  journal   = {Acta Mechanica},
  title     = {A model of nonlinearly hardening materials for complex loading},
  year      = {1975},
  month     = {oct},
  number    = {3},
  pages     = {173--192},
  volume    = {21},
  doi       = {10.1007/bf01181053},
  publisher = {Springer Science and Business Media {LLC}},
}

@Article{Dafalias:Popov:77:YieldSurface,
  author   = {Dafalias, Yannis F. and Popov, Egor P.},
  journal  = {Nuclear Engineering and Design},
  title    = {Cyclic loading for materials with a vanishing elastic region},
  year     = {1977},
  issn     = {0029-5493},
  number   = {2},
  pages    = {293-302},
  volume   = {41},
  abstract = {Within a plastic internal variables formalism of rate independent plasticity, a recently developed constitutive law for plastic material response under stress reversals is shown to apply to materials with a vanishing elastic region. The concept of the bounding surface introduced earlier, replaces the vanished yield and loading surfaces in defining loading-unloading criteria. Good comparison of the model with experimental data is obtained.},
  doi      = {https://doi.org/10.1016/0029-5493(77)90117-0},
}

@Article{DallAsta:Zona:04:Mixed,
  author    = {Dall'Asta, Andrea and Zona, Alessandro},
  journal   = {Finite Elements in Analysis and Design},
  title     = {Three-field mixed formulation for the non-linear analysis of composite beams with deformable shear connection},
  year      = {2004},
  month     = {feb},
  number    = {4},
  pages     = {425--448},
  volume    = {40},
  doi       = {10.1016/s0168-874x(03)00071-4},
  publisher = {Elsevier {BV}},
}

@TechReport{Filippou:Issa:88:NLA_RCFrames,
  author      = {Filippou, Filip C. and Issa, Ahmad},
  institution = {Earthquake Engineering Research Center, University of California, Berkeley},
  title       = {Nonlinear analysis of reinforced concrete frames under cyclic load reversals},
  year        = {1988},
  number      = {UCB/EERC-88/12},
}

@PhdThesis{Giberson:67:OneComponent,
  author    = {Giberson, Melbourne Fernald},
  school    = {California Institute of Technology},
  title     = {The response of nonlinear multi-story structures subjected to earthquake excitation},
  year      = {1967},
  copyright = {No commercial reproduction, distribution, display or performance rights in this work are provided.},
  doi       = {10.7907/W8D4-3W95},
  keywords  = {Engineering and Applied Science},
  language  = {en},
  publisher = {California Institute of Technology},
}

@Article{Hajjar:Gourley:97:PHElement,
  author    = {Hajjar, Jerome F. and Gourley, Brett C.},
  journal   = {Journal of Structural Engineering},
  title     = {A Cyclic Nonlinear Model for Concrete-Filled Tubes.{\hspace{1em}}I: Formulation},
  year      = {1997},
  month     = {jun},
  number    = {6},
  pages     = {736--744},
  volume    = {123},
  doi       = {10.1061/(asce)0733-9445(1997)123:6(736)},
  publisher = {American Society of Civil Engineers ({ASCE})},
}

@Article{Hilmy:Abel:85:PHElement,
  author    = {Hilmy, Said I. and Abel, John F.},
  journal   = {Computers \& Structures},
  title     = {Material and geometric nonlinear dynamic analysis of steel frames using computer graphics},
  year      = {1985},
  month     = {jan},
  number    = {4},
  pages     = {825--840},
  volume    = {21},
  doi       = {10.1016/0045-7949(85)90159-2},
  publisher = {Elsevier {BV}},
}

@Article{Hjelmstad:Taciroglu:02:Mixed,
  author    = {Hjelmstad, K. D. and Taciroglu, E.},
  journal   = {Journal of Constructional Steel Research},
  title     = {Mixed methods and flexibility approaches for nonlinear frame analysis},
  year      = {2002},
  month     = {jan},
  number    = {5-8},
  pages     = {967--993},
  volume    = {58},
  doi       = {10.1016/s0143-974x(01)00100-6},
  publisher = {Elsevier {BV}},
}

@Article{Iu:et:al:09:PlasticHinge,
  author    = {Iu, Chi Kin and Bradford, M. A. and Chen, Wei Fah},
  journal   = {Engineering Structures},
  title     = {Second-order inelastic analysis of composite framed structures based on the refined plastic hinge method},
  year      = {2009},
  month     = {mar},
  number    = {3},
  pages     = {799--813},
  volume    = {31},
  doi       = {10.1016/j.engstruct.2008.12.007},
  publisher = {Elsevier {BV}},
}

@Article{Iwan:67:Yielding,
  author   = {Iwan, W. D.},
  journal  = {Journal of Applied Mechanics},
  title    = {On a Class of Models for the Yielding Behavior of Continuous and Composite Systems},
  year     = {1967},
  issn     = {0021-8936},
  month    = {09},
  number   = {3},
  pages    = {612-617},
  volume   = {34},
  abstract = {{A class of one-dimensional models for the yielding behavior of materials and structures is presented. This class of models leads to stress-strain relations which exhibit a Bauschinger effect of the Massing type, and both the steady-state and nonsteady-state cyclic behavior are completely specified if the initial monotonic loading behavior is known. The concepts of the one-dimensional class of models are extended to three-dimensions and lead to a subsequent generalization of the customary concepts of the incremental theory of plasticity.}},
  doi      = {10.1115/1.3607751},
}

@inproceedings{Kostic:et:al:11:EfficientBCElem0,
author={Kostic, S. M. and Filippou, F. C. and Lee, C.-L.},
editor={Papadrakakis, M. and Fragiadakis, M. and Plevris, V.},
year={2011},
title={An efficient beam-column element for nonlinear {3D} frame analysis},
booktitle={ECCOMAS Thematic Conference - COMPDYN 2011: 3rd International Conference on Computational Methods in Structural Dynamics and Earthquake Engineering: An IACM Special Interest Conference, Programme},
address={Corfu, Greece}
}

@Article{Lee:Filippou:09:SecInversion,
  author    = {Lee, Chin-Long and Filippou, Filip C.},
  journal   = {International Journal for Numerical Methods in Engineering},
  title     = {Frame elements with mixed formulation for singular section response},
  year      = {2009},
  month     = {jun},
  number    = {11},
  pages     = {1320--1344},
  volume    = {78},
  doi       = {10.1002/nme.2531},
  publisher = {Wiley},
}

@Article{Lee:Filippou:09:SIZE,
  author    = {Lee, Chin-Long and Filippou, Filip C.},
  journal   = {Journal of Structural Engineering},
  title     = {Efficient Beam-Column Element with Variable Inelastic End Zones},
  year      = {2009},
  month     = {nov},
  number    = {11},
  pages     = {1310--1319},
  volume    = {135},
  doi       = {10.1061/(asce)st.1943-541x.0000064},
  publisher = {American Society of Civil Engineers ({ASCE})},
}

@Article{Liu:et:al:12:CrossSection,
  author    = {Liu, Si-Wei and Liu, Yao-Peng and Chan, Siu-Lai},
  journal   = {Journal of Constructional Steel Research},
  title     = {Advanced analysis of hybrid steel and concrete frames},
  year      = {2012},
  month     = {mar},
  pages     = {326--336},
  volume    = {70},
  doi       = {10.1016/j.jcsr.2011.09.003},
  publisher = {Elsevier {BV}},
}

@Article{Mroz:67:AnisoHardening,
  author    = {Mr\'oz, Zi},
  journal   = {Journal of the Mechanics and Physics of Solids},
  title     = {On the description of anisotropic workhardening},
  year      = {1967},
  month     = {may},
  number    = {3},
  pages     = {163--175},
  volume    = {15},
  doi       = {10.1016/0022-5096(67)90030-0},
  publisher = {Elsevier {BV}},
}

@Article{Mroz:69:GeneralHardening,
  author    = {Mr\'oz, Z.},
  journal   = {Acta Mechanica},
  title     = {An attempt to describe the behavior of metals under cyclic loads using a more general workhardening model},
  year      = {1969},
  month     = {jun},
  number    = {2},
  pages     = {199--212},
  volume    = {7},
  doi       = {10.1007/bf01176668},
  publisher = {Springer Science and Business Media {LLC}},
}

@Article{Nukala:White:04:Mixed,
  author    = {Nukala, Phani Kumar V. V. and White, Donald W.},
  journal   = {Computer Methods in Applied Mechanics and Engineering},
  title     = {A mixed finite element for three-dimensional nonlinear analysis of steel frames},
  year      = {2004},
  month     = {jun},
  number    = {23-26},
  pages     = {2507--2545},
  volume    = {193},
  doi       = {10.1016/j.cma.2004.01.029},
  publisher = {Elsevier {BV}},
}

@Article{Orbison:et:al:82:YieldSurface,
  author    = {Orbison, James G. and McGuire, William and Abel, John F.},
  journal   = {Computer Methods in Applied Mechanics and Engineering},
  title     = {Yield surface applications in nonlinear steel frame analysis},
  year      = {1982},
  month     = {sep},
  number    = {1-3},
  pages     = {557--573},
  volume    = {33},
  doi       = {10.1016/0045-7825(82)90122-0},
  publisher = {Elsevier {BV}},
}

@Article{Petrangeli:Ciampi:97:Equilibrium,
  author    = {Petrangeli, Marco and Ciampi, Vincenzo},
  journal   = {International Journal for Numerical Methods in Engineering},
  title     = {Equilibrium based iterative solutions for the non-linear beam problem},
  year      = {1997},
  month     = {feb},
  number    = {3},
  pages     = {423--437},
  volume    = {40},
  doi       = {10.1002/(sici)1097-0207(19970215)40:3<423::aid-nme72>3.0.co;2-h},
  publisher = {Wiley},
}

@Article{Powell:Chen:86:GeneralizedPH,
  author    = {Powell, Graham H. and Chen, Paul Fu-Song},
  journal   = {Journal of Engineering Mechanics},
  title     = {3D Beam-Column Element with Generalized Plastic Hinges},
  year      = {1986},
  month     = {jul},
  number    = {7},
  pages     = {627--641},
  volume    = {112},
  doi       = {10.1061/(asce)0733-9399(1986)112:7(627)},
  publisher = {American Society of Civil Engineers ({ASCE})},
}

@Article{Scott:Fenves:06:BeamWithHinges,
  author    = {Scott, Michael H. and Fenves, Gregory L.},
  journal   = {Journal of Structural Engineering},
  title     = {Plastic Hinge Integration Methods for Force-Based Beam{\textendash}Column Elements},
  year      = {2006},
  month     = {feb},
  number    = {2},
  pages     = {244--252},
  volume    = {132},
  doi       = {10.1061/(asce)0733-9445(2006)132:2(244)},
  publisher = {American Society of Civil Engineers ({ASCE})},
}

@Article{Scott:Ryan:13:PlasticHinge,
  author    = {Scott, Michael H. and Ryan, Keri L.},
  journal   = {Earthquake Spectra},
  title     = {Moment-Rotation Behavior of Force-Based Plastic Hinge Elements},
  year      = {2013},
  month     = {may},
  number    = {2},
  pages     = {597--607},
  volume    = {29},
  doi       = {10.1193/1.4000136},
  publisher = {{SAGE} Publications},
}

@Article{Spacone:et:al:96:Fibre,
  author    = {Spacone, Enrico and Filippou, Filip C. and Taucer, Fabio F.},
  journal   = {Earthquake Engineering \& Structural Dynamics},
  title     = {Fibre Beam--column Model for Non-linear Analysis of {R/C} Frames: Part I. Formulation},
  year      = {1996},
  month     = {jul},
  number    = {7},
  pages     = {711--725},
  volume    = {25},
  doi       = {10.1002/(sici)1096-9845(199607)25:7<711::aid-eqe576>3.0.co;2-9},
  publisher = {Wiley},
}

@Article{Taylor:et:al:03:MixedForm,
  author    = {R. L. Taylor and F. C. Filippou and A. Saritas and F. Auricchio},
  journal   = {Computational Mechanics},
  title     = {A mixed finite element method for beam and frame problems},
  year      = {2003},
  month     = {may},
  number    = {1-2},
  pages     = {192--203},
  volume    = {31},
  doi       = {10.1007/s00466-003-0410-y},
  publisher = {Springer Science and Business Media {LLC}},
}

@Book{Zienkiewicz:Taylor:05:FEM,
  author    = {Zienkiewicz, Olek C. and Taylor, Robert Leroy},
  publisher = {Elsevier},
  title     = {The Finite Element Method for Solid and Structural Mechanics},
  year      = {2014},
  edition   = {6},
  doi       = {10.1016/c2009-0-26332-x},
}



@Article{Helnwein2001,
  author    = {Peter Helnwein},
  journal   = {Computer Methods in Applied Mechanics and Engineering},
  title     = {Some remarks on the compressed matrix representation of symmetric second-order and fourth-order tensors},
  year      = {2001},
  month     = {feb},
  number    = {22-23},
  pages     = {2753--2770},
  volume    = {190},
  doi       = {10.1016/s0045-7825(00)00263-2},
  publisher = {Elsevier {BV}},
}

@Book{Simo1998,
  author    = {Simo, J. C. and Hughes, T. J. R.},
  publisher = {Springer-Verlag},
  title     = {Computational Inelasticity},
  year      = {1998},
  doi       = {10.1007/b98904},
}

@Article{Voce1955,
  author    = {Voce, E.},
  journal   = {The Aeronautical Journal},
  title     = {Analysis of Stress Strain Curves},
  year      = {1955},
  month     = {jun},
  number    = {534},
  pages     = {442--442},
  volume    = {59},
  doi       = {10.1017/s0368393100118759},
  publisher = {Cambridge University Press ({CUP})},
}

@Article{Frederick2007,
  author    = {Frederick, C. O. and Armstrong, P. J.},
  journal   = {Materials at High Temperatures},
  title     = {A mathematical representation of the multiaxial {Bauschinger} effect},
  year      = {2007},
  month     = {apr},
  number    = {1},
  pages     = {1--26},
  volume    = {24},
  doi       = {10.3184/096034007x207589},
  publisher = {Maney Publishing},
}

@Article{Zona2012,
  author    = {Zona, Alessandro and Dall'Asta, Andrea},
  journal   = {Journal of Constructional Steel Research},
  title     = {Elastoplastic model for steel buckling-restrained braces},
  year      = {2012},
  month     = {jan},
  number    = {1},
  pages     = {118--125},
  volume    = {68},
  doi       = {10.1016/j.jcsr.2011.07.017},
  publisher = {Elsevier {BV}},
}

@Article{Chaboche1989,
  author    = {Chaboche, J. L.},
  journal   = {International Journal of Plasticity},
  title     = {Constitutive equations for cyclic plasticity and cyclic viscoplasticity},
  year      = {1989},
  month     = {jan},
  number    = {3},
  pages     = {247--302},
  volume    = {5},
  doi       = {10.1016/0749-6419(89)90015-6},
  publisher = {Elsevier {BV}},
}

@Article{Peric1993,
  author    = {Peri{\'{c}}, Djordje},
  journal   = {International Journal for Numerical Methods in Engineering},
  title     = {On a class of constitutive equations in viscoplasticity: Formulation and computational issues},
  year      = {1993},
  month     = {apr},
  number    = {8},
  pages     = {1365--1393},
  volume    = {36},
  doi       = {10.1002/nme.1620360807},
  publisher = {Wiley},
}

@Article{Lee1998,
  author    = {Lee, Jeeho and Fenves, Gregory L.},
  journal   = {Journal of Engineering Mechanics},
  title     = {Plastic-Damage Model for Cyclic Loading of Concrete Structures},
  year      = {1998},
  month     = {aug},
  number    = {8},
  pages     = {892--900},
  volume    = {124},
  doi       = {10.1061/(asce)0733-9399(1998)124:8(892)},
  publisher = {American Society of Civil Engineers ({ASCE})},
}

@Article{Lemaitre1985,
  author    = {Lemaitre, Jean},
  journal   = {Computer Methods in Applied Mechanics and Engineering},
  title     = {Coupled elasto-plasticity and damage constitutive equations},
  year      = {1985},
  month     = {sep},
  number    = {1-3},
  pages     = {31--49},
  volume    = {51},
  doi       = {10.1016/0045-7825(85)90026-x},
  publisher = {Elsevier {BV}},
}

@Article{Auricchio1994,
  author    = {Auricchio, F. and Taylor, R. L.},
  journal   = {International Journal for Numerical Methods in Engineering},
  title     = {A generalized elastoplastic plate theory and its algorithmic implementation},
  year      = {1994},
  month     = {aug},
  number    = {15},
  pages     = {2583--2608},
  volume    = {37},
  doi       = {10.1002/nme.1620371506},
  publisher = {Wiley},
}

@Misc{Chang2022,
  author    = {Chang, T. L.},
  title     = {suanPan --- An Open Source, Parallel and Heterogeneous Finite Element Analysis Framework},
  year      = {2022},
  copyright = {Creative Commons Attribution 4.0 International},
  doi       = {10.5281/ZENODO.1285221},
  keywords  = {FEM, HPC, IGA},
  language  = {en},
  publisher = {Zenodo},
}

@Article{Dutko1993,
  author    = {Dutko, Martin and Peri{\'{c}}, Djordje and Owen, D. R. J.},
  journal   = {Computer Methods in Applied Mechanics and Engineering},
  title     = {Universal anisotropic yield criterion based on superquadric functional representation: Part 1. Algorithmic issues and accuracy analysis},
  year      = {1993},
  month     = {jan},
  number    = {1-2},
  pages     = {73--93},
  volume    = {109},
  doi       = {10.1016/0045-7825(93)90225-m},
  publisher = {Elsevier {BV}},
}

@Article{Dafalias2004,
  author    = {Dafalias, Yannis F. and Manzari, Majid T.},
  journal   = {Journal of Engineering Mechanics},
  title     = {Simple Plasticity Sand Model Accounting for Fabric Change Effects},
  year      = {2004},
  month     = {jun},
  number    = {6},
  pages     = {622--634},
  volume    = {130},
  doi       = {10.1061/(asce)0733-9399(2004)130:6(622)},
  publisher = {American Society of Civil Engineers ({ASCE})},
}

@Article{Spacone1996,
  author    = {Spacone, E. and Ciampi, V. and Filippou, F. C.},
  journal   = {Computers \& Structures},
  title     = {Mixed formulation of nonlinear beam finite element},
  year      = {1996},
  month     = {jan},
  number    = {1},
  pages     = {71--83},
  volume    = {58},
  doi       = {10.1016/0045-7949(95)00103-n},
  publisher = {Elsevier {BV}},
}

@Book{AISC2017,
  author    = {AISC},
  publisher = {American Institute of Physics / Springer},
  title     = {Steel Construction Manual},
  year      = {2017},
  edition   = {15},
  isbn      = {9781564240071},
}

@InCollection{Kostic:et:al:13:EfficientBCElem,
  author    = {Kostic, Svetlana M. and Filippou, Filip C. and Lee, Chin-Long},
  booktitle = {Computational Methods in Earthquake Engineering: Volume 2},
  publisher = {Springer Netherlands},
  title     = {An Efficient Beam-Column Element for Inelastic {3D} Frame Analysis},
  year      = {2013},
  address   = {Dordrecht},
  editor    = {Papadrakakis, Manolis and Fragiadakis, Michalis and Plevris, Vagelis},
  isbn      = {978-94-007-6573-3},
  pages     = {49--67},
  doi       = {10.1007/978-94-007-6573-3\_3},
}

@Article{Kostic:et:al:16:GenPlasticity,
  author    = {Kostic, Svetlana M. and Filippou, Filip C. and Deretic-Stojanovic, Biljana},
  journal   = {Computers \& Structures},
  title     = {Generalized plasticity model for inelastic {RCFT} column response},
  year      = {2016},
  month     = {may},
  pages     = {56--67},
  volume    = {168},
  doi       = {10.1016/j.compstruc.2016.02.006},
  publisher = {Elsevier},
}

@Article{Lubliner:et:al:93:GenPlasticity,
  author    = {Lubliner, J. and Taylor, R. L. and Auricchio, F.},
  journal   = {International Journal of Solids and Structures},
  title     = {A new model of generalized plasticity and its numerical implementation},
  year      = {1993},
  number    = {22},
  pages     = {3171--3184},
  volume    = {30},
  doi       = {10.1016/0020-7683(93)90146-x},
  publisher = {Elsevier},
}

@Article{Neuenhofer:Filippou:97:Evaluation,
  author    = {Neuenhofer, Ansgar and Filippou, Filip C.},
  journal   = {Journal of Structural Engineering},
  title     = {Evaluation of nonlinear frame finite-element models},
  year      = {1997},
  month     = {jul},
  number    = {7},
  pages     = {958--966},
  volume    = {123},
  doi       = {10.1061/(asce)0733-9445(1997)123:7(958)},
  publisher = {American Society of Civil Engineers ({ASCE})},
}

@article{Lee2020a,
  title = {Proportional viscous damping model for matching damping ratios},
  journal = {Engineering Structures},
  volume = {207},
  pages = {110178},
  year = {2020},
  issn = {0141-0296},
  doi = {10.1016/j.engstruct.2020.110178},
  author = {Chin-Long Lee}
}

@article{Lee2020b,
title = {Sparse proportional viscous damping model for structures with large number of degrees of freedom},
journal = {Journal of Sound and Vibration},
volume = {478},
pages = {115312},
year = {2020},
issn = {0022-460X},
doi = {10.1016/j.jsv.2020.115312},
author = {Chin-Long Lee},
}

@Article{Lee2021,
  author    = {Lee, Chin-Long},
  journal   = {Computers \& Structures},
  title     = {Bell-shaped proportional viscous damping models with adjustable frequency bandwidth},
  year      = {2021},
  month     = {feb},
  pages     = {106423},
  volume    = {244},
  doi       = {10.1016/j.compstruc.2020.106423},
  publisher = {Elsevier {BV}},
}

@Article{Lee2022,
  author    = {Lee, Chin-Long},
  journal   = {Computers \& Structures},
  title     = {Type 4 bell-shaped proportional damping model and energy dissipation for structures with inelastic and softening response},
  year      = {2022},
  month     = {jan},
  pages     = {106663},
  volume    = {258},
  doi       = {10.1016/j.compstruc.2021.106663},
  publisher = {Elsevier {BV}},
}

@Book{Park1975,
  author    = {Park, Robert and Paulay, Thomas},
  publisher = {Wiley},
  title     = {Reinforced concrete structures},
  year      = {1975},
  isbn      = {0471659177},
  pages     = {769},
}

@Article{Scott1996,
  author    = {Scott, Richard H.},
  journal   = {{ACI} Structural Journal},
  title     = {Intrinsic Mechanisms in Reinforced Concrete Beam-Column Connection Behavior},
  year      = {1996},
  number    = {3},
  volume    = {93},
  doi       = {10.14359/9693},
  publisher = {American Concrete Institute},
}

@Article{Alemdar2005,
  author    = {Alemdar, Bulent N. and White, Donald W.},
  journal   = {Journal of Structural Engineering},
  title     = {Displacement, Flexibility, and Mixed Beam{\textendash}Column Finite Element Formulations for Distributed Plasticity Analysis},
  year      = {2005},
  month     = {dec},
  number    = {12},
  pages     = {1811--1819},
  volume    = {131},
  doi       = {10.1061/(asce)0733-9445(2005)131:12(1811)},
  publisher = {American Society of Civil Engineers ({ASCE})},
}

@Article{Addessi2007,
  author    = {Addessi, Daniela and Ciampi, Vincenzo},
  journal   = {International Journal for Numerical Methods in Engineering},
  title     = {A regularized force-based beam element with a damage{\textendash}plastic section constitutive law},
  year      = {2007},
  number    = {5},
  pages     = {610--629},
  volume    = {70},
  doi       = {10.1002/nme.1911},
  publisher = {Wiley},
}

@Article{Sideris2016,
  author    = {Sideris, Petros and Salehi, Mohammad},
  journal   = {Journal of Engineering Mechanics},
  title     = {A Gradient Inelastic Flexibility-Based Frame Element Formulation},
  year      = {2016},
  month     = {jul},
  number    = {7},
  volume    = {142},
  doi       = {10.1061/(asce)em.1943-7889.0001083},
  publisher = {American Society of Civil Engineers ({ASCE})},
}

@Comment{jabref-meta: databaseType:bibtex;}
